<record><leader>00000cas a2200000 a 4500</leader><controlfield tag="001">26727388</controlfield><controlfield tag="007">hd afu---buuu</controlfield><controlfield tag="008">921005d18601879coudn nea     0    0eng d</controlfield><datafield ind1=" " ind2=" " tag="010"><subfield code="a">sn 95073774 </subfield></datafield><datafield ind1=" " ind2=" " tag="040"><subfield code="a">COA</subfield><subfield code="b">eng</subfield><subfield code="c">COA</subfield><subfield code="d">NVG</subfield><subfield code="d">OCL</subfield><subfield code="d">OCLCQ</subfield><subfield code="d">OCLCF</subfield><subfield code="d">OCLCO</subfield></datafield><datafield ind1="1" ind2=" " tag="029"><subfield code="a">AU@</subfield><subfield code="b">000020233848</subfield></datafield><datafield ind1=" " ind2=" " tag="042"><subfield code="a">msc</subfield></datafield><datafield ind1=" " ind2=" " tag="043"><subfield code="a">n-us-co</subfield></datafield><datafield ind1=" " ind2=" " tag="090"><subfield code="a">AN1</subfield><subfield code="b">.R63</subfield></datafield><datafield ind1="0" ind2="0" tag="245"><subfield code="a">Daily Rocky Mountain news</subfield><subfield code="h">[microform].</subfield></datafield><datafield ind1="3" ind2="0" tag="246"><subfield code="a">Daily news</subfield></datafield><datafield ind1="1" ind2=" " tag="246"><subfield code="i">Published as:</subfield><subfield code="a">Rocky Mountain news</subfield><subfield code="f">Oct. 15, 1861-July 15, 1862</subfield></datafield><datafield ind1="1" ind2=" " tag="246"><subfield code="i">Title in publisher's box:</subfield><subfield code="a">Daily evening news</subfield><subfield code="f">Aug. 27, 1860-&lt;Aug. 28 1862&gt;</subfield></datafield><datafield ind1=" " ind2=" " tag="260"><subfield code="a">Denver, Jefferson [Colo.] :</subfield><subfield code="b">News Print. Co.,</subfield><subfield code="c">1860-1879.</subfield></datafield><datafield ind1=" " ind2=" " tag="300"><subfield code="a">v. ;</subfield><subfield code="c">38 cm.</subfield></datafield><datafield ind1=" " ind2=" " tag="310"><subfield code="a">Daily (except Mon.),</subfield><subfield code="b">Oct. 11, 1870-July 3, 1879</subfield></datafield><datafield ind1=" " ind2=" " tag="321"><subfield code="a">Daily (except Sun.),</subfield><subfield code="b">Aug. 27, 1860-July 2, 1870</subfield></datafield><datafield ind1=" " ind2=" " tag="321"><subfield code="a">Daily,</subfield><subfield code="b">July 3, 1870-Oct. 9, 1870</subfield></datafield><datafield ind1="0" ind2=" " tag="362"><subfield code="a">Vol. 1, no. 1 (Aug. 27, 1860)-v. 20 (July 3, 1879).</subfield></datafield><datafield ind1=" " ind2=" " tag="515"><subfield code="a">Suspended May 20-June 26, 1864.</subfield></datafield><datafield ind1=" " ind2=" " tag="580"><subfield code="a">Weekly editions: Rocky Mountain news (Cherry Creek, Kans. Terr. : 1859), 1860-1864; Weekly Rocky Mountain news, 1864-1865; Rocky Mountain news (Denver, Colo. : 1865), 1865-1872; Weekly Rocky Mountain News (Denver, Colo. : 1872), 1872-1879.</subfield></datafield><datafield ind1=" " ind2=" " tag="533"><subfield code="a">Microfilm.</subfield><subfield code="b">[Denver, Colo.] :</subfield><subfield code="c">State Historical Society of Colorado, Division of State Archives, Microfilm Dept.</subfield><subfield code="e">22 microfilm reels ; 35 mm.</subfield></datafield><datafield ind1=" " ind2="0" tag="651"><subfield code="a">Denver (Colo.)</subfield><subfield code="v">Newspapers.</subfield></datafield><datafield ind1=" " ind2="7" tag="655"><subfield code="a">Newspapers.</subfield><subfield code="2">fast</subfield><subfield code="0">(OCoLC)fst01423814</subfield></datafield><datafield ind1=" " ind2="7" tag="651"><subfield code="a">Colorado</subfield><subfield code="z">Denver.</subfield><subfield code="2">fast</subfield><subfield code="0">(OCoLC)fst01205192</subfield></datafield><datafield ind1=" " ind2=" " tag="752"><subfield code="a">United States</subfield><subfield code="b">Colorado</subfield><subfield code="c">Denver</subfield><subfield code="d">Denver.</subfield></datafield><datafield ind1=" " ind2=" " tag="752"><subfield code="a">United States</subfield><subfield code="b">Colorado</subfield><subfield code="c">Arapahoe</subfield><subfield code="d">Denver.</subfield></datafield><datafield ind1=" " ind2=" " tag="752"><subfield code="a">United States</subfield><subfield code="b">Colorado</subfield><subfield code="c">Park</subfield><subfield code="d">Jefferson.</subfield></datafield><datafield ind1="1" ind2=" " tag="775"><subfield code="t">Rocky Mountain news (Cherry Creek, Kans. Terr. : 1859)</subfield><subfield code="w">(DLC)sn 95073773</subfield></datafield><datafield ind1="1" ind2=" " tag="775"><subfield code="t">Weekly Rocky Mountain news</subfield><subfield code="w">(DLC)sn 95073775</subfield></datafield><datafield ind1="1" ind2=" " tag="775"><subfield code="t">Rocky Mountain news (Denver, Colo. : 1865)</subfield><subfield code="w">(DLC)sn 96080000</subfield></datafield><datafield ind1="1" ind2=" " tag="775"><subfield code="t">Weekly Rocky Mountain news (Denver, Colo. : 1872)</subfield><subfield code="w">(DLC)sn 96080001</subfield></datafield><datafield ind1="1" ind2=" " tag="776"><subfield code="c">Original</subfield><subfield code="w">(DLC)sn 82014501</subfield></datafield><datafield ind1="0" ind2="5" tag="780"><subfield code="t">Daily Denver mountaineer</subfield><subfield code="g">1861</subfield></datafield><datafield ind1="0" ind2="5" tag="780"><subfield code="t">Daily commonwealth (Denver, Colo.)</subfield></datafield><datafield ind1="0" ind2="0" tag="785"><subfield code="t">Rocky Mountain news (Denver, Colo. : 1879)</subfield><subfield code="w">(DLC)sn 96080002</subfield><subfield code="w">(OCoLC)17670914</subfield></datafield></record>